%% This BibTeX bibliography file was created using BibDesk.
%% http://bibdesk.sourceforge.net/


%% Created for Adrian Price-Whelan at 2017-06-29 10:23:42 -0400 


%% Saved with string encoding Unicode (UTF-8) 



@article{Sanders:2016,
	Adsnote = {Provided by the SAO/NASA Astrophysics Data System},
	Adsurl = {http://adsabs.harvard.edu/abs/2016MNRAS.457.3817S},
	Archiveprefix = {arXiv},
	Author = {{Sanders}, J.~L. and {Bovy}, J. and {Erkal}, D.},
	Date-Added = {2017-06-29 14:23:40 +0000},
	Date-Modified = {2017-06-29 14:23:41 +0000},
	Doi = {10.1093/mnras/stw232},
	Eprint = {1510.03426},
	Journal = {\mnras},
	Keywords = {Galaxy: halo, Galaxy: kinematics and dynamics, Galaxy: structure, cosmology: theory, dark matter},
	Month = apr,
	Pages = {3817-3835},
	Title = {{Dynamics of stream-subhalo interactions}},
	Volume = 457,
	Year = 2016,
	Bdsk-Url-1 = {http://dx.doi.org/10.1093/mnras/stw232}}

@article{Bovy:2017,
	Adsnote = {Provided by the SAO/NASA Astrophysics Data System},
	Adsurl = {http://adsabs.harvard.edu/abs/2017MNRAS.466..628B},
	Archiveprefix = {arXiv},
	Author = {{Bovy}, J. and {Erkal}, D. and {Sanders}, J.~L.},
	Date-Modified = {2017-06-29 14:13:36 +0000},
	Doi = {10.1093/mnras/stw3067},
	Eprint = {1606.03470},
	Journal = {\mnras},
	Keywords = {Galaxy: fundamental parameters, Galaxy: halo, Galaxy: kinematics and dynamics, Galaxy: structure, dark matter},
	Month = apr,
	Pages = {628-668},
	Title = {{Linear perturbation theory for tidal streams and the small-scale CDM power spectrum}},
	Volume = 466,
	Year = 2017,
	Bdsk-Url-1 = {http://dx.doi.org/10.1093/mnras/stw3067}}
